@misc{Lichman:2013,
author = "M. Lichman",
year = "2013",
title = "{UCI} Machine Learning Repository",
url = "http://archive.ics.uci.edu/ml",
institution = "University of California, Irvine, School of Information and Computer Sciences"}

@article{LIBSVM,
 author = {Chih-Chung Chan and Chih-Jen Lin},
 title = {{LIBSVM}: A library for support vector machines},
 journal = {ACM Transactions on Intelligent Systems and Technology},
 volume = {2},
 issue = {3},
 year = {2011},
 pages = {27:1--27:27},
 note =	 {Software available at \url{http://www.csie.ntu.edu.tw/~cjlin/libsvm}}
}

@manual{MATLAB:2017,
Address = {Natick, Massachusetts},
Organization = {The Mathworks, Inc.},
Title = {{MATLAB} version 9.2.0.556344 (R2017a)},
Year = {2017},
url = "https://www.mathworks.com/help/stats/classification-trees.html"}