@article{JSSv059i10,
   author = {Hadley  Wickham},
   title = {Tidy Data},
   journal = {Journal of Statistical Software},
   volume = {59},
   number = {1},
   year = {2014},
   keywords = {},
   issn = {1548-7660},
   pages = {1--23},
   doi = {10.18637/jss.v059.i10},
   url = {https://www.jstatsoft.org/index.php/jss/article/view/v059i10}
}