@misc{Lichman2013,
author = "M. Lichman",
year = "2013",
title = "{UCI} Machine Learning Repository",
url = "http://archive.ics.uci.edu/ml",
institution = "University of California, Irvine, School of Information and Computer Sciences"
}

@inproceedings{Madeo2013,
 author = {Madeo, Renata C. B. and Lima, Clodoaldo A. M. and Peres, Sarajane M.},
 title = {Gesture Unit Segmentation Using Support Vector Machines: Segmenting Gestures from Rest Positions},
 booktitle = {Proceedings of the 28th Annual ACM Symposium on Applied Computing},
 series = {SAC '13},
 year = {2013},
 isbn = {978-1-4503-1656-9},
 location = {Coimbra, Portugal},
 pages = {46--52},
 numpages = {7},
 url = {http://doi.acm.org/10.1145/2480362.2480373},
 doi = {10.1145/2480362.2480373},
 acmid = {2480373},
 publisher = {ACM},
 address = {New York, NY, USA}
}

@book{Quinlan1993,
    address = {San Mateo, CA},
    author = {Ross Quinlan},
    publisher = {Morgan Kaufmann Publishers},
    title = {C4.5: Programs for Machine Learning},
    year = {1993}
 }

@article{Landwehr2005,
    author = {Niels Landwehr and Mark Hall and Eibe Frank},
    journal = {Machine Learning},
    number = {1-2},
    pages = {161-205},
    title = {Logistic Model Trees},
    volume = {95},
    year = {2005}
 }